% Encoding: UTF-8

@article{Yang2018ARXIVb,
    author    = {Bo Yang and Stefano Rosa and Andrew Markham and Niki Trigoni and Hongkai Wen},
    title     = {3D Object Dense Reconstruction from a Single Depth View},
    journal   = ARXIV,
    volume    = {abs/1802.00411},
    year      = {2018},
}